@inproceedings{Koehn_Monz_2006,
 author = {Koehn, Philipp and Monz, Christof},
 title = {Manual and Automatic Evaluation of Machine Translation Between European Languages},
 booktitle = {Proceedings of the Workshop on Statistical Machine Translation},
 series = {StatMT '06},
 year = {2006},
 location = {New York City, New York},
 pages = {102--121},
 numpages = {20},
 url = {http://dl.acm.org/citation.cfm?id=1654650.1654666},
 acmid = {1654666},
 publisher = {Association for Computational Linguistics},
 address = {Stroudsburg, PA, USA},
} 

@inproceedings{pro,
 author = {Hopkins, Mark and May, Jonathan},
 title = "{Tuning As Ranking}",
 booktitle = {Proceedings of the Conference on Empirical Methods in Natural Language Processing},
 series = {EMNLP '11},
 year = {2011},
 isbn = {978-1-937284-11-4},
 location = {Edinburgh, United Kingdom},
 pages = {1352--1362},
 numpages = {11},
 url = {http://dl.acm.org/citation.cfm?id=2145432.2145575},
 acmid = {2145575},
 publisher = {Association for Computational Linguistics},
 address = {Stroudsburg, PA, USA},
} 

@INPROCEEDINGS{wmt13metrics,
  author = {Mach\'{a}\v{c}ek, Matou\v{s} and Bojar, Ond\v{r}ej},
  title = {Results of the {WMT13} Metrics Shared Task},
  booktitle = {Proceedings of the Eighth Workshop on Statistical Machine Translation},
  year = {2013},
  pages = {45--51},
  address = {Sofia, Bulgaria},
  month = {August},
  publisher = {Association for Computational Linguistics},
  url = {http://www.aclweb.org/anthology/W13-2202}
}

@InProceedings{wmt14metrics,
booktitle = {Proceedings of the Ninth Workshop on Statistical Machine Translation},
title = {Results of the {WMT}14 Metrics Shared Task},
author = {Matou{\v{s}} Mach{\'{a}}{\v{c}}ek and Ond{\v{r}}ej Bojar},
year = {2014},
publisher = {Association for Computational Linguistics},
address = {Baltimore, {MD}, {USA}},
venue = {Baltimore Marriott Waterfront},
pages = {293--301},
isbn = {978-1-941643-17-4},
}

@inproceedings{multeval,
 author = {Clark, Jonathan H. and Dyer, Chris and Lavie, Alon and Smith, Noah A.},
 title = "{Better Hypothesis Testing for Statistical Machine Translation: Controlling for Optimizer Instability}",
 booktitle = {Proceedings of the 49th Annual Meeting of the Association for Computational Linguistics: Human Language Technologies: Short Papers - Volume 2},
 series = {HLT '11},
 year = {2011},
 isbn = {978-1-932432-88-6},
 location = {Portland, Oregon},
 pages = {176--181},
 numpages = {6},
 url = {http://dl.acm.org/citation.cfm?id=2002736.2002774},
 acmid = {2002774},
 publisher = {Association for Computational Linguistics},
 address = {Stroudsburg, PA, USA},
} 

@inproceedings{earlyUpdate,
 author = {Collins, Michael and Roark, Brian},
 title = {Incremental Parsing with the Perceptron Algorithm},
 booktitle = {Proceedings of the 42Nd Annual Meeting on Association for Computational Linguistics},
 series = {ACL '04},
 year = {2004},
 location = {Barcelona, Spain},
 articleno = {111},
 url = {http://dx.doi.org/10.3115/1218955.1218970},
 doi = {10.3115/1218955.1218970},
 acmid = {1218970},
 publisher = {Association for Computational Linguistics},
 address = {Stroudsburg, PA, USA},
} 

@InProceedings{violation,
  author    = {Liu, Lemao  and  Huang, Liang},
  title     = {Search-Aware Tuning for Machine Translation},
  booktitle = {Proceedings of the 2014 Conference on Empirical Methods in Natural Language Processing (EMNLP)},
  month     = {October},
  year      = {2014},
  address   = {Doha, Qatar},
  publisher = {Association for Computational Linguistics},
  pages     = {1942--1952},
  url       = {http://www.aclweb.org/anthology/D14-1209}
}

@inproceedings{chiang2008online,
  title={Online large-margin training of syntactic and structural translation features},
  author={Chiang, David and Marton, Yuval and Resnik, Philip},
  booktitle={Proceedings of the Conference on Empirical Methods in Natural Language Processing (EMNLP)},
  pages={224--233},
  year={2008},
  organization={Association for Computational Linguistics}
}

@inproceedings{watanabe,
  title={Online large-margin training for statistical machine translation},
  author={Watanabe, Taro and Suzuki, Jun and Tsukada, Hajime and Isozaki, Hideki},
  booktitle={In Proc. of EMNLP},
  year={2007},
  organization={Citeseer}
}

@book{smt_book,
 author = {Koehn, Philipp},
 title = "{Statistical Machine Translation}",
 year = {2010},
 isbn = {0521874157, 9780521874151},
 edition = {1st},
 publisher = {Cambridge University Press},
 address = {New York, NY, USA},
} 

@InProceedings{wmt14summary,
  author    = {Bojar, Ond\v{r}ej  and  Buck, Christian  and  Federmann, Christian  and  Haddow, Barry  and  Koehn, Philipp  and  Leveling, Johannes  and  Monz, Christof  and  Pecina, Pavel  and  Post, Matt  and  Saint-Amand, Herve  and  Soricut, Radu  and  Specia, Lucia  and  Tamchyna, Ale\v{s}},
  title     = "{Findings of the 2014 Workshop on Statistical Machine Translation}",
  booktitle = {Proceedings of the Ninth Workshop on Statistical Machine Translation},
  month     = {June},
  year      = {2014},
  address   = {Baltimore, Maryland, USA},
  publisher = {Association for Computational Linguistics},
  pages     = {12--58},
  url       = {http://www.aclweb.org/anthology/W/W14/W14-3302}
}

@inproceedings{Liu:etal:2011,
 author = {Liu, Chang and Dahlmeier, Daniel and Ng, Hwee Tou},
 title = "{Better Evaluation Metrics Lead to Better Machine Translation}",
 booktitle = {Proceedings of the Conference on Empirical Methods in Natural Language Processing},
 series = {EMNLP '11},
 year = {2011},
 isbn = {978-1-937284-11-4},
 location = {Edinburgh, United Kingdom},
 pages = {375--384},
 numpages = {10},
 url = {http://dl.acm.org/citation.cfm?id=2145432.2145476},
 acmid = {2145476},
 publisher = {Association for Computational Linguistics},
 address = {Stroudsburg, PA, USA},
} 

@InProceedings{wmt10summary,
  author    = {Callison-Burch, Chris  and  Koehn, Philipp  and  Monz, Christof  and  Peterson, Kay  and  Przybocki, Mark  and  Zaidan, Omar},
  title     = "{Findings of the 2010 Joint Workshop on Statistical Machine Translation and Metrics for Machine Translation}",
  booktitle = {Proceedings of the Joint Fifth Workshop on Statistical Machine Translation and MetricsMATR},
  month     = {July},
  year      = {2010},
  address   = {Uppsala, Sweden},
  publisher = {Association for Computational Linguistics},
  pages     = {17--53},
  note      = {Revised August 2010},
  url       = {http://www.aclweb.org/anthology/W10-1703}
}



@inproceedings{nist,
 author = {Doddington, George},
 title = {Automatic Evaluation of Machine Translation Quality Using N-gram Co-occurrence Statistics},
 booktitle = {Proceedings of the Second International Conference on Human Language Technology Research},
 series = {HLT '02},
 year = {2002},
 location = {San Diego, California},
 pages = {138--145},
 numpages = {8},
 url = {http://dl.acm.org/citation.cfm?id=1289189.1289273},
 acmid = {1289273},
 publisher = {Morgan Kaufmann Publishers Inc.},
 address = {San Francisco, CA, USA},
} 

@INPROCEEDINGS{ter,
    author = {Matthew Snover and Bonnie Dorr and Richard Schwartz and Linnea Micciulla and John Makhoul},
    title = {A study of translation edit rate with targeted human annotation},
    booktitle = {In Proceedings of Association for Machine Translation in the Americas},
    year = {2006},
    pages = {223--231}
}

@INPROCEEDINGS{wer,
    author = {Gregor Leusch and Nicola Ueffing and Hermann Ney},
    title = {CDER: Efficient MT Evaluation Using Block Movements},
    booktitle = {In Proceedings of EACL},
    year = {2006},
    pages = {241--248}
}

@inproceedings{alvarez,
  author    = {Yolanda Vazquez{-}Alvarez and
               Mark Huckvale},
  title     = {The reliability of the ITU-t p.85 standard for the evaluation of text-to-speech
               systems},
  booktitle = {7th International Conference on Spoken Language Processing, {ICSLP2002}
               - {INTERSPEECH} 2002, Denver, Colorado, USA, September 16-20, 2002},
  year      = {2002},
}

@inproceedings{mert,
 author = {Och, Franz Josef},
 title = {Minimum Error Rate Training in Statistical Machine Translation},
 booktitle = {Proceedings of the 41st Annual Meeting on Association for Computational Linguistics - Volume 1},
 series = {ACL '03},
 year = {2003},
 pages = {160--167},
 publisher = {Association for Computational Linguistics},
 address = {Stroudsburg, PA, USA},
} 

@inproceedings{kbmira,
 author = {Cherry, Colin and Foster, George},
 title = {Batch Tuning Strategies for Statistical Machine Translation},
 booktitle = {Proceedings of the 2012 Conference of the North American Chapter of the Association for Computational Linguistics: Human Language Technologies},
 series = {NAACL HLT '12},
 year = {2012},
 pages = {427--436},
 publisher = {Association for Computational Linguistics},
 address = {Stroudsburg, PA, USA},
} 

@inproceedings{pro,
 author = {Hopkins, Mark and May, Jonathan},
 title = {Tuning As Ranking},
 booktitle = {Proceedings of the Conference on Empirical Methods in Natural Language Processing},
 series = {EMNLP '11},
 year = {2011},
 pages = {1352--1362},
 publisher = {Association for Computational Linguistics},
 address = {Stroudsburg, PA, USA},
} 

@inproceedings{simplex,
  author = {Zhao, Bing and Chen, Shengyuan},
  booktitle = {HLT-NAACL (Short Papers)},
  pages = {21-24},
  publisher = {The Association for Computational Linguistics},
  title = {A Simplex Armijo Downhill Algorithm for Optimizing Statistical Machine Translation Decoding Parameters.},
  year = 2009
}

@inproceedings{bestLexicalMetric,
 author = {Cer, Daniel and Manning, Christopher D. and Jurafsky, Daniel},
 title = {The Best Lexical Metric for Phrase-based Statistical MT System Optimization},
 booktitle = {Human Language Technologies: The 2010 Annual Conference of the North American Chapter of the Association for Computational Linguistics},
 series = {HLT '10},
 year = {2010},
 pages = {555--563},
 publisher = {Association for Computational Linguistics},
 address = {Stroudsburg, PA, USA},
} 

@inproceedings{moses,
 author = {Koehn, Philipp and Hoang, Hieu and Birch, Alexandra and Callison-Burch, Chris and Federico, Marcello and Bertoldi, Nicola and Cowan, Brooke and Shen, Wade and Moran, Christine and Zens, Richard and Dyer, Chris and Bojar, Ond\v{r}ej and Constantin, Alexandra and Herbst, Evan},
 title = {Moses: Open Source Toolkit for Statistical Machine Translation},
 booktitle = {Proceedings of the 45th Annual Meeting of the ACL on Interactive Poster and Demonstration Sessions},
 series = {ACL '07},
 year = {2007},
 pages = {177--180},
 publisher = {Association for Computational Linguistics},
 address = {Stroudsburg, PA, USA},
} 

@InProceedings{hiero,
  author = {Chiang, David},
  title = "{A Hierarchical Phrase-Based Model for Statistical Machine Translation}",
  booktitle = {Proceedings of the 43rd Annual Meeting of the Association for Computational Linguistics (ACL'05)},
  month = {June},
  address = {Ann Arbor, Michigan},
  pages = {263--270},
  year = 2005
}

@INPROCEEDINGS{mgiza,
    author = {Qin Gao and Stephan Vogel},
    title = "{Parallel implementations of word alignment tool}",
    booktitle = {In Proc. of the ACL 2008 Software Engineering, Testing, and Quality Assurance Workshop},
    year = {2008}
}

@inproceedings{kenlm,
  author = {Kenneth Heafield and Ivan Pouzyrevsky and Jonathan H. Clark and Philipp Koehn},
  title = "{Scalable Modified {Kneser-Ney} Language Model Estimation}",
  year = {2013},
  month = {August},
  booktitle = {Proceedings of the 51st Annual Meeting of the Association for Computational Linguistics},
  address = {Sofia, Bulgaria},
  pages = {690--696},
  url = {http://kheafield.com/professional/edinburgh/estimate\_paper.pdf},
}


@INPROCEEDINGS{ter,
    author = {Matthew Snover and Bonnie Dorr and Richard Schwartz and Linnea Micciulla and John Makhoul},
    title = "{A study of translation edit rate with targeted human annotation}",
    booktitle = {In Proceedings of Association for Machine Translation in the Americas},
    year = {2006},
    pages = {223--231}
}

@inProceedings{beloucif:etal:2014,
  author = {Meriem Beloucif and Chi{-}kiu Lo and Dekai Wu},
  title = "{Improving MEANT Based Semantically Tuned SMT}",
  booktitle = "{Proc. of 11th International Workshop on Spoken Language Translation (IWSLT 2014)}",
  pages = {34--41},
  address = {Lake Tahoe, California},
  year = {2014},
}

@String{iwslt = "Proceedings of IWSLT"}

@InProceedings{mosesHiero,
    author= {Hieu Hoang and Philipp Koehn and Adam Lopez},
    title= {{A Unified Framework for Phrase-Based, Hierarchical, and
Syntax-Based Statistical Machine Translation}},
    year= {2009},
    month=dec,
    booktitle= iwslt,
    address= {Tokyo, Japan},
    pages= {152--159},
}

@InProceedings{bleu,
 author = {Papineni, Kishore and Roukos, Salim and Ward, Todd and Zhu, Wei-Jing},
 title = "{BLEU: A Method for Automatic Evaluation of Machine Translation}",
 booktitle = {Proceedings of the 40th Annual Meeting on Association for Computational Linguistics},
 series = {ACL '02},
 year = {2002},
 pages = {311--318},
} 

@inProceedings{czeng,
 author = {
   Ond{\v{r}}ej Bojar and Zden{\v{e}}k {\v{Z}}abokrtsk{\'{y}} and
   Ond{\v{r}}ej Du{\v{s}}ek and Petra Galu{\v{s}}{\v{c}}{\'{a}}kov{\'{a}} and
   Martin Majli{\v{s}} and David Mare{\v{c}}ek and
   Ji{\v{r}}{\'{\i}} Mar{\v{s}}{\'{\i}}k and Michal Nov{\'{a}}k and
   Martin Popel and Ale{\v{s}} Tamchyna
 },
 title = "{The Joy of Parallelism with CzEng 1.0}",
 booktitle = {Proceedings of LREC2012},
 organization = {ELRA},
 address = {Istanbul, Turkey},
 month = may,
 publisher = {European Language Resources Association},
 year = {2012},
 note = {In print.}
}

@inproceedings{kneserney,
  title="{Improved backing-off for m-gram language modeling}",
  author={Kneser, Reinhard and Ney, Hermann},
  booktitle={IEEE International Conference on Acoustics, Speech, and Signal Processing (ICASSP),},
  volume={1},
  pages={181--184},
  year={1995},
  organization={IEEE}
}


@InProceedings{meteor,
  author    = {Denkowski, Michael  and  Lavie, Alon},
  title     = "{Meteor Universal: Language Specific Translation Evaluation for Any Target Language}",
  booktitle = {Proceedings of the Ninth Workshop on Statistical Machine Translation},
  month     = {June},
  year      = {2014},
  address   = {Baltimore, Maryland, USA},
  publisher = {Association for Computational Linguistics},
  pages     = {376--380},
  url       = {http://www.aclweb.org/anthology/W/W14/W14-3348}
}

@INPROCEEDINGS{meteorTuning,
  author = {Denkowski, Michael and Lavie, Alon},
  title = "{Meteor 1.3: Automatic Metric for Reliable Optimization and Evaluation of Machine Translation Systems}",
  booktitle = {Proceedings of the Sixth Workshop on Statistical Machine Translation},
  year = {2011},
  pages = {85--91},
  address = {Edinburgh, Scotland},
  month = {July},
  publisher = {Association for Computational Linguistics},
  url = {http://www.aclweb.org/anthology/W11-2107}
}

