%% This BibTeX bibliography file was created using BibDesk.
%% http://bibdesk.sourceforge.net/

%% Created for Wilker Ferreira Aziz at 2015-03-19 08:42:58 +0100 


%% Saved with string encoding Unicode (UTF-8) 



@inproceedings{Kumar+2002:MBRWA,
	Author = {Shankar Kumar and William Byrne},
	Booktitle = {Proceedings of the 2002 Conference on Empirical Methods in Natural Language Processing},
	Date-Added = {2015-03-19 07:42:57 +0000},
	Date-Modified = {2015-03-19 07:42:57 +0000},
	Doi = {10.3115/1118693.1118712},
	Keywords = {WA, MBR},
	Month = {July},
	Pages = {140--147},
	Publisher = {Association for Computational Linguistics},
	Title = {Minimum Bayes-Risk Word Alignments of Bilingual Texts},
	Url = {http://www.aclweb.org/anthology/W02-1019},
	Year = {2002},
	Bdsk-File-1 = {YnBsaXN0MDDUAQIDBAUGJCVYJHZlcnNpb25YJG9iamVjdHNZJGFyY2hpdmVyVCR0b3ASAAGGoKgHCBMUFRYaIVUkbnVsbNMJCgsMDxJXTlMua2V5c1pOUy5vYmplY3RzViRjbGFzc6INDoACgAOiEBGABIAFgAdccmVsYXRpdmVQYXRoWWFsaWFzRGF0YV8QOS4uLy4uLy4uLy4uL0Ryb3Bib3gvd29ya3NwYWNlL2JpYi9wZGYvS3VtYXIrMjAwMk1CUldBLnBkZtIXCxgZV05TLmRhdGFPEQG6AAAAAAG6AAIAAAxNYWNpbnRvc2ggSEQAAAAAAAAAAAAAAAAAAADQXF2HSCsAAAAL9HgTS3VtYXIrMjAwMk1CUldBLnBkZgAAAAAAAAAAAAAAAAAAAAAAAAAAAAAAAAAAAAAAAAAAAAAAAAAAAAAAAAAAACoKWdEvGj8AAAAAAAAAAAAEAAUAAAkgAAAAAAAAAAAAAAAAAAAAA3BkZgAAEAAIAADQXEFnAAAAEQAIAADRLwwvAAAAAQAYAAv0eAAL8/8AC/PPAAvyeAAJP5MAApPVAAIATE1hY2ludG9zaCBIRDpVc2VyczoAd2F6aXo6AERyb3Bib3g6AHdvcmtzcGFjZToAYmliOgBwZGY6AEt1bWFyKzIwMDJNQlJXQS5wZGYADgAoABMASwB1AG0AYQByACsAMgAwADAAMgBNAEIAUgBXAEEALgBwAGQAZgAPABoADABNAGEAYwBpAG4AdABvAHMAaAAgAEgARAASADlVc2Vycy93YXppei9Ecm9wYm94L3dvcmtzcGFjZS9iaWIvcGRmL0t1bWFyKzIwMDJNQlJXQS5wZGYAABMAAS8AABUAAgAM//8AAIAG0hscHR5aJGNsYXNzbmFtZVgkY2xhc3Nlc11OU011dGFibGVEYXRhox0fIFZOU0RhdGFYTlNPYmplY3TSGxwiI1xOU0RpY3Rpb25hcnmiIiBfEA9OU0tleWVkQXJjaGl2ZXLRJidUcm9vdIABAAgAEQAaACMALQAyADcAQABGAE0AVQBgAGcAagBsAG4AcQBzAHUAdwCEAI4AygDPANcClQKXApwCpwKwAr4CwgLJAtIC1wLkAucC+QL8AwEAAAAAAAACAQAAAAAAAAAoAAAAAAAAAAAAAAAAAAADAw==},
	Bdsk-Url-1 = {http://www.aclweb.org/anthology/W02-1019},
	Bdsk-Url-2 = {http://dx.doi.org/10.3115/1118693.1118712}}

@article{Brown+1993:smt,
	Acmid = {972474},
	Address = {Cambridge, MA, USA},
	Author = {Brown, Peter F. and Pietra, Vincent J. Della and Pietra, Stephen A. Della and Mercer, Robert L.},
	Date-Added = {2015-03-19 07:42:44 +0000},
	Date-Modified = {2015-03-19 07:42:44 +0000},
	Issn = {0891-2017},
	Issue_Date = {June 1993},
	Journal = {Computational Linguistics},
	Keywords = {MT, IBM, WA},
	Month = jun,
	Number = {2},
	Numpages = {49},
	Pages = {263--311},
	Publisher = {MIT Press},
	Title = {The mathematics of statistical machine translation: parameter estimation},
	Url = {http://dl.acm.org/citation.cfm?id=972470.972474},
	Volume = {19},
	Year = {1993},
	Bdsk-Url-1 = {http://dl.acm.org/citation.cfm?id=972470.972474},
	Bdsk-File-1 = {YnBsaXN0MDDUAQIDBAUGJCVYJHZlcnNpb25YJG9iamVjdHNZJGFyY2hpdmVyVCR0b3ASAAGGoKgHCBMUFRYaIVUkbnVsbNMJCgsMDxJXTlMua2V5c1pOUy5vYmplY3RzViRjbGFzc6INDoACgAOiEBGABIAFgAdccmVsYXRpdmVQYXRoWWFsaWFzRGF0YV8QNy4uLy4uLy4uLy4uL0Ryb3Bib3gvd29ya3NwYWNlL2JpYi9wZGYvQnJvd24rMTk5M3NtdC5wZGbSFwsYGVdOUy5kYXRhTxEBsgAAAAABsgACAAAMTWFjaW50b3NoIEhEAAAAAAAAAAAAAAAAAAAA0Fxdh0grAAAAC/R4EUJyb3duKzE5OTNzbXQucGRmAAAAAAAAAAAAAAAAAAAAAAAAAAAAAAAAAAAAAAAAAAAAAAAAAAAAAAAAAAAAAAAMYcfOmYHQAAAAAAAAAAAABAAFAAAJIAAAAAAAAAAAAAAAAAAAAANwZGYAABAACAAA0FxBZwAAABEACAAAzplzwAAAAAEAGAAL9HgAC/P/AAvzzwAL8ngACT+TAAKT1QACAEpNYWNpbnRvc2ggSEQ6VXNlcnM6AHdheml6OgBEcm9wYm94OgB3b3Jrc3BhY2U6AGJpYjoAcGRmOgBCcm93bisxOTkzc210LnBkZgAOACQAEQBCAHIAbwB3AG4AKwAxADkAOQAzAHMAbQB0AC4AcABkAGYADwAaAAwATQBhAGMAaQBuAHQAbwBzAGgAIABIAEQAEgA3VXNlcnMvd2F6aXovRHJvcGJveC93b3Jrc3BhY2UvYmliL3BkZi9Ccm93bisxOTkzc210LnBkZgAAEwABLwAAFQACAAz//wAAgAbSGxwdHlokY2xhc3NuYW1lWCRjbGFzc2VzXU5TTXV0YWJsZURhdGGjHR8gVk5TRGF0YVhOU09iamVjdNIbHCIjXE5TRGljdGlvbmFyeaIiIF8QD05TS2V5ZWRBcmNoaXZlctEmJ1Ryb290gAEACAARABoAIwAtADIANwBAAEYATQBVAGAAZwBqAGwAbgBxAHMAdQB3AIQAjgDIAM0A1QKLAo0CkgKdAqYCtAK4Ar8CyALNAtoC3QLvAvIC9wAAAAAAAAIBAAAAAAAAACgAAAAAAAAAAAAAAAAAAAL5}}

@inproceedings{Moore:2004:IBM1,
	Address = {Barcelona, Spain},
	Author = {Moore, Robert C.},
	Booktitle = {Proceedings of the 42nd Meeting of the Association for Computational Linguistics (ACL'04), Main Volume},
	Date-Added = {2015-03-05 12:03:45 +0000},
	Date-Modified = {2015-03-12 13:05:23 +0000},
	Doi = {10.3115/1218955.1219021},
	Keywords = {MT, WA},
	Month = {July},
	Pages = {518--525},
	Rating = {3},
	Read = {1},
	Title = {Improving IBM Word Alignment Model 1},
	Url = {http://www.aclweb.org/anthology/P04-1066},
	Year = 2004,
	Annote = {In this work, Moore discuss two nonstructural problems with IBM model 1, namely, 

1) rare words: which act as garbage collectors aligning to many target words stealing probability mass from infrequent though correct alignments

2) null alignments: IBM 1 arbitrarly introduces 1 null token per source, when this should perhaps be proportional to sentence length; this results in correct null alignments being under-represented.

Moore also experiment with heuristic initialisation of model parameters.

He shows improvements wrt both problems as well as the heuristic initialisation.},
	Bdsk-File-1 = {YnBsaXN0MDDUAQIDBAUGJCVYJHZlcnNpb25YJG9iamVjdHNZJGFyY2hpdmVyVCR0b3ASAAGGoKgHCBMUFRYaIVUkbnVsbNMJCgsMDxJXTlMua2V5c1pOUy5vYmplY3RzViRjbGFzc6INDoACgAOiEBGABIAFgAdccmVsYXRpdmVQYXRoWWFsaWFzRGF0YV8QNy4uLy4uLy4uLy4uL0Ryb3Bib3gvd29ya3NwYWNlL2JpYi9wZGYvTW9vcmUyMDA0SUJNMS5wZGbSFwsYGVdOUy5kYXRhTxEBsgAAAAABsgACAAAMTWFjaW50b3NoIEhEAAAAAAAAAAAAAAAAAAAA0Fxdh0grAAAAC/R4EU1vb3JlMjAwNElCTTEucGRmAAAAAAAAAAAAAAAAAAAAAAAAAAAAAAAAAAAAAAAAAAAAAAAAAAAAAAAAAAAAAAAiWY/RHgTLAAAAAAAAAAAABAAFAAAJIAAAAAAAAAAAAAAAAAAAAANwZGYAABAACAAA0FxBZwAAABEACAAA0R32uwAAAAEAGAAL9HgAC/P/AAvzzwAL8ngACT+TAAKT1QACAEpNYWNpbnRvc2ggSEQ6VXNlcnM6AHdheml6OgBEcm9wYm94OgB3b3Jrc3BhY2U6AGJpYjoAcGRmOgBNb29yZTIwMDRJQk0xLnBkZgAOACQAEQBNAG8AbwByAGUAMgAwADAANABJAEIATQAxAC4AcABkAGYADwAaAAwATQBhAGMAaQBuAHQAbwBzAGgAIABIAEQAEgA3VXNlcnMvd2F6aXovRHJvcGJveC93b3Jrc3BhY2UvYmliL3BkZi9Nb29yZTIwMDRJQk0xLnBkZgAAEwABLwAAFQACAAz//wAAgAbSGxwdHlokY2xhc3NuYW1lWCRjbGFzc2VzXU5TTXV0YWJsZURhdGGjHR8gVk5TRGF0YVhOU09iamVjdNIbHCIjXE5TRGljdGlvbmFyeaIiIF8QD05TS2V5ZWRBcmNoaXZlctEmJ1Ryb290gAEACAARABoAIwAtADIANwBAAEYATQBVAGAAZwBqAGwAbgBxAHMAdQB3AIQAjgDIAM0A1QKLAo0CkgKdAqYCtAK4Ar8CyALNAtoC3QLvAvIC9wAAAAAAAAIBAAAAAAAAACgAAAAAAAAAAAAAAAAAAAL5},
	Bdsk-Url-1 = {http://www.aclweb.org/anthology/P04-1066},
	Bdsk-Url-2 = {http://dx.doi.org/10.3115/1218955.1219021}}

@inproceedings{Liang+2006:ABA,
	Address = {New York City, USA},
	Author = {Liang, Percy and Taskar, Ben and Klein, Dan},
	Booktitle = {Proceedings of the Human Language Technology Conference of the NAACL, Main Conference},
	Date-Added = {2015-03-13 14:32:02 +0000},
	Date-Modified = {2015-03-13 14:32:39 +0000},
	Keywords = {MT, WA},
	Month = {June},
	Pages = {104--111},
	Publisher = {Association for Computational Linguistics},
	Rating = {4},
	Read = {1},
	Title = {Alignment by Agreement},
	Url = {http://www.aclweb.org/anthology/N/N06/N06-1014},
	Year = {2006},
	Bdsk-File-1 = {YnBsaXN0MDDUAQIDBAUGJCVYJHZlcnNpb25YJG9iamVjdHNZJGFyY2hpdmVyVCR0b3ASAAGGoKgHCBMUFRYaIVUkbnVsbNMJCgsMDxJXTlMua2V5c1pOUy5vYmplY3RzViRjbGFzc6INDoACgAOiEBGABIAFgAdccmVsYXRpdmVQYXRoWWFsaWFzRGF0YV8QNy4uLy4uLy4uLy4uL0Ryb3Bib3gvd29ya3NwYWNlL2JpYi9wZGYvTGlhbmcrMjAwNkFCQS5wZGbSFwsYGVdOUy5kYXRhTxEBsgAAAAABsgACAAAMTWFjaW50b3NoIEhEAAAAAAAAAAAAAAAAAAAA0Fxdh0grAAAAC/R4EUxpYW5nKzIwMDZBQkEucGRmAAAAAAAAAAAAAAAAAAAAAAAAAAAAAAAAAAAAAAAAAAAAAAAAAAAAAAAAAAAAAAApfcfRKLOLAAAAAAAAAAAABAAFAAAJIAAAAAAAAAAAAAAAAAAAAANwZGYAABAACAAA0FxBZwAAABEACAAA0SilewAAAAEAGAAL9HgAC/P/AAvzzwAL8ngACT+TAAKT1QACAEpNYWNpbnRvc2ggSEQ6VXNlcnM6AHdheml6OgBEcm9wYm94OgB3b3Jrc3BhY2U6AGJpYjoAcGRmOgBMaWFuZysyMDA2QUJBLnBkZgAOACQAEQBMAGkAYQBuAGcAKwAyADAAMAA2AEEAQgBBAC4AcABkAGYADwAaAAwATQBhAGMAaQBuAHQAbwBzAGgAIABIAEQAEgA3VXNlcnMvd2F6aXovRHJvcGJveC93b3Jrc3BhY2UvYmliL3BkZi9MaWFuZysyMDA2QUJBLnBkZgAAEwABLwAAFQACAAz//wAAgAbSGxwdHlokY2xhc3NuYW1lWCRjbGFzc2VzXU5TTXV0YWJsZURhdGGjHR8gVk5TRGF0YVhOU09iamVjdNIbHCIjXE5TRGljdGlvbmFyeaIiIF8QD05TS2V5ZWRBcmNoaXZlctEmJ1Ryb290gAEACAARABoAIwAtADIANwBAAEYATQBVAGAAZwBqAGwAbgBxAHMAdQB3AIQAjgDIAM0A1QKLAo0CkgKdAqYCtAK4Ar8CyALNAtoC3QLvAvIC9wAAAAAAAAIBAAAAAAAAACgAAAAAAAAAAAAAAAAAAAL5},
	Bdsk-Url-1 = {http://www.aclweb.org/anthology/N/N06/N06-1014}}

@inproceedings{lacostejulien-EtAl:2006:HLT-NAACL06-Main,
	Address = {New York City, USA},
	Author = {Lacoste-Julien, Simon and Taskar, Ben and Klein, Dan and Jordan, Michael I.},
	Booktitle = {Proceedings of the Human Language Technology Conference of the NAACL, Main Conference},
	Date-Added = {2015-03-13 14:32:53 +0000},
	Date-Modified = {2015-03-13 14:33:12 +0000},
	Keywords = {MT, WA},
	Month = {June},
	Pages = {112--119},
	Publisher = {Association for Computational Linguistics},
	Title = {Word Alignment via Quadratic Assignment},
	Url = {http://www.aclweb.org/anthology/N/N06/N06-1015},
	Year = {2006},
	Bdsk-File-1 = {YnBsaXN0MDDUAQIDBAUGJCVYJHZlcnNpb25YJG9iamVjdHNZJGFyY2hpdmVyVCR0b3ASAAGGoKgHCBMUFRYaIVUkbnVsbNMJCgsMDxJXTlMua2V5c1pOUy5vYmplY3RzViRjbGFzc6INDoACgAOiEBGABIAFgAdccmVsYXRpdmVQYXRoWWFsaWFzRGF0YV8QUC4uLy4uLy4uLy4uL0Ryb3Bib3gvd29ya3NwYWNlL2JpYi9wZGYvbGFjb3N0ZWp1bGllbi1FdEFsMjAwNkhMVC1OQUFDTDA2LU1haW4ucGRm0hcLGBlXTlMuZGF0YU8RAgoAAAAAAgoAAgAADE1hY2ludG9zaCBIRAAAAAAAAAAAAAAAAAAAANBcXYdIKwAAAAv0eB9sYWNvc3RlanVsaWVuLUV0QWwyMCMyOTdFNDMucGRmAAAAAAAAAAAAAAAAAAAAAAAAAAAAAAAAAAAAAAAAAAAAKX5D0SizsgAAAAAAAAAAAAQABQAACSAAAAAAAAAAAAAAAAAAAAADcGRmAAAQAAgAANBcQWcAAAARAAgAANEopaIAAAABABgAC/R4AAvz/wAL888AC/J4AAk/kwACk9UAAgBYTWFjaW50b3NoIEhEOlVzZXJzOgB3YXppejoARHJvcGJveDoAd29ya3NwYWNlOgBiaWI6AHBkZjoAbGFjb3N0ZWp1bGllbi1FdEFsMjAjMjk3RTQzLnBkZgAOAFYAKgBsAGEAYwBvAHMAdABlAGoAdQBsAGkAZQBuAC0ARQB0AEEAbAAyADAAMAA2AEgATABUAC0ATgBBAEEAQwBMADAANgAtAE0AYQBpAG4ALgBwAGQAZgAPABoADABNAGEAYwBpAG4AdABvAHMAaAAgAEgARAASAFBVc2Vycy93YXppei9Ecm9wYm94L3dvcmtzcGFjZS9iaWIvcGRmL2xhY29zdGVqdWxpZW4tRXRBbDIwMDZITFQtTkFBQ0wwNi1NYWluLnBkZgATAAEvAAAVAAIADP//AACABtIbHB0eWiRjbGFzc25hbWVYJGNsYXNzZXNdTlNNdXRhYmxlRGF0YaMdHyBWTlNEYXRhWE5TT2JqZWN00hscIiNcTlNEaWN0aW9uYXJ5oiIgXxAPTlNLZXllZEFyY2hpdmVy0SYnVHJvb3SAAQAIABEAGgAjAC0AMgA3AEAARgBNAFUAYABnAGoAbABuAHEAcwB1AHcAhACOAOEA5gDuAvwC/gMDAw4DFwMlAykDMAM5Az4DSwNOA2ADYwNoAAAAAAAAAgEAAAAAAAAAKAAAAAAAAAAAAAAAAAAAA2o=},
	Bdsk-Url-1 = {http://www.aclweb.org/anthology/N/N06/N06-1015}}

@inproceedings{Mermer+2011:BWA,
	Address = {Portland, Oregon, USA},
	Author = {Mermer, Coskun and Saraclar, Murat},
	Booktitle = {Proceedings of the 49th Annual Meeting of the Association for Computational Linguistics: Human Language Technologies},
	Date-Added = {2015-03-05 10:22:42 +0000},
	Date-Modified = {2015-03-12 13:09:03 +0000},
	Keywords = {MT, WA},
	Month = {June},
	Pages = {182--187},
	Publisher = {Association for Computational Linguistics},
	Rating = {3},
	Read = {1},
	Title = {Bayesian Word Alignment for Statistical Machine Translation},
	Url = {http://www.aclweb.org/anthology/P11-2032},
	Year = {2011},
	Annote = {This work presents a Bayesian treatment to IBM model 1.
The likelihood is expressed in terms of a multinomial (thus in the exponential family) with parameters t(f|e) and a symmetric Dirichlet prior over these parameters is chosen.

Due to conjugacy, the parameters t(f|e) can be integrated out and one can design a (collapsed) Gibbs sampler for P(A|E,F).

Tehy show significant performance gains in an end-to-end translation task, however, there are a bunch of hyperparameters such as number of burn in iterations, initialisation procedure, number of samples to skip, to collect, etc... (mostly consequence of MCMC, particularly, Gibbs).},
	Bdsk-File-1 = {YnBsaXN0MDDUAQIDBAUGJCVYJHZlcnNpb25YJG9iamVjdHNZJGFyY2hpdmVyVCR0b3ASAAGGoKgHCBMUFRYaIVUkbnVsbNMJCgsMDxJXTlMua2V5c1pOUy5vYmplY3RzViRjbGFzc6INDoACgAOiEBGABIAFgAdccmVsYXRpdmVQYXRoWWFsaWFzRGF0YV8QOC4uLy4uLy4uLy4uL0Ryb3Bib3gvd29ya3NwYWNlL2JpYi9wZGYvTWVybWVyKzIwMTFCV0EucGRm0hcLGBlXTlMuZGF0YU8RAbYAAAAAAbYAAgAADE1hY2ludG9zaCBIRAAAAAAAAAAAAAAAAAAAANBcXYdIKwAAAAv0eBJNZXJtZXIrMjAxMUJXQS5wZGYAAAAAAAAAAAAAAAAAAAAAAAAAAAAAAAAAAAAAAAAAAAAAAAAAAAAAAAAAAAAAIlOu0R3tGwAAAAAAAAAAAAQABQAACSAAAAAAAAAAAAAAAAAAAAADcGRmAAAQAAgAANBcQWcAAAARAAgAANEd3wsAAAABABgAC/R4AAvz/wAL888AC/J4AAk/kwACk9UAAgBLTWFjaW50b3NoIEhEOlVzZXJzOgB3YXppejoARHJvcGJveDoAd29ya3NwYWNlOgBiaWI6AHBkZjoATWVybWVyKzIwMTFCV0EucGRmAAAOACYAEgBNAGUAcgBtAGUAcgArADIAMAAxADEAQgBXAEEALgBwAGQAZgAPABoADABNAGEAYwBpAG4AdABvAHMAaAAgAEgARAASADhVc2Vycy93YXppei9Ecm9wYm94L3dvcmtzcGFjZS9iaWIvcGRmL01lcm1lcisyMDExQldBLnBkZgATAAEvAAAVAAIADP//AACABtIbHB0eWiRjbGFzc25hbWVYJGNsYXNzZXNdTlNNdXRhYmxlRGF0YaMdHyBWTlNEYXRhWE5TT2JqZWN00hscIiNcTlNEaWN0aW9uYXJ5oiIgXxAPTlNLZXllZEFyY2hpdmVy0SYnVHJvb3SAAQAIABEAGgAjAC0AMgA3AEAARgBNAFUAYABnAGoAbABuAHEAcwB1AHcAhACOAMkAzgDWApACkgKXAqICqwK5Ar0CxALNAtIC3wLiAvQC9wL8AAAAAAAAAgEAAAAAAAAAKAAAAAAAAAAAAAAAAAAAAv4=},
	Bdsk-Url-1 = {http://www.aclweb.org/anthology/P11-2032},
	Bdsk-Url-2 = {http://www.aclweb.org/anthology/attachments/P/P11/P11-2032.Software.txt}}

@inproceedings{Riley+2012:VBWA,
	Address = {Jeju Island, Korea},
	Author = {Riley, Darcey and Gildea, Daniel},
	Booktitle = {Proceedings of the 50th Annual Meeting of the Association for Computational Linguistics (Volume 2: Short Papers)},
	Date-Added = {2015-03-05 10:47:37 +0000},
	Date-Modified = {2015-03-12 13:04:12 +0000},
	Keywords = {MT, WA},
	Month = {July},
	Pages = {306--310},
	Publisher = {Association for Computational Linguistics},
	Title = {Improving the IBM Alignment Models Using Variational Bayes},
	Url = {http://www.aclweb.org/anthology/P12-2060},
	Year = {2012},
	Annote = {This work adresses the known issue of MLE overfitting by applying variational Bayes (VB).
VB modifies the M-step of EM by applying a function over expected counts. This function can be seen as a prior over the expected counts (note how this leads to far less hyperparameters than directly modelling a prior over the parameters). In a way, VB can be seen as a form of smoothing of the expected counts controlled by the hyperparameters of the prior (thus anti-smoothing can also be obtained).
In this paper, authors employ a Dirichlet prior.

They show interesting gains wrt AER, overfitting and BLEU when applying VB to IBM model 1 with low alpha (which is a form of anti-smoothing), where one is basically addressing to problem of over condifent alignments for rare words (the garbage collector phenomenon discussed by Moore (2004)).},
	Bdsk-File-1 = {YnBsaXN0MDDUAQIDBAUGJCVYJHZlcnNpb25YJG9iamVjdHNZJGFyY2hpdmVyVCR0b3ASAAGGoKgHCBMUFRYaIVUkbnVsbNMJCgsMDxJXTlMua2V5c1pOUy5vYmplY3RzViRjbGFzc6INDoACgAOiEBGABIAFgAdccmVsYXRpdmVQYXRoWWFsaWFzRGF0YV8QOC4uLy4uLy4uLy4uL0Ryb3Bib3gvd29ya3NwYWNlL2JpYi9wZGYvUmlsZXkrMjAxMlZCV0EucGRm0hcLGBlXTlMuZGF0YU8RAbYAAAAAAbYAAgAADE1hY2ludG9zaCBIRAAAAAAAAAAAAAAAAAAAANBcXYdIKwAAAAv0eBJSaWxleSsyMDEyVkJXQS5wZGYAAAAAAAAAAAAAAAAAAAAAAAAAAAAAAAAAAAAAAAAAAAAAAAAAAAAAAAAAAAAAIlTm0R3y7QAAAAAAAAAAAAQABQAACSAAAAAAAAAAAAAAAAAAAAADcGRmAAAQAAgAANBcQWcAAAARAAgAANEd5N0AAAABABgAC/R4AAvz/wAL888AC/J4AAk/kwACk9UAAgBLTWFjaW50b3NoIEhEOlVzZXJzOgB3YXppejoARHJvcGJveDoAd29ya3NwYWNlOgBiaWI6AHBkZjoAUmlsZXkrMjAxMlZCV0EucGRmAAAOACYAEgBSAGkAbABlAHkAKwAyADAAMQAyAFYAQgBXAEEALgBwAGQAZgAPABoADABNAGEAYwBpAG4AdABvAHMAaAAgAEgARAASADhVc2Vycy93YXppei9Ecm9wYm94L3dvcmtzcGFjZS9iaWIvcGRmL1JpbGV5KzIwMTJWQldBLnBkZgATAAEvAAAVAAIADP//AACABtIbHB0eWiRjbGFzc25hbWVYJGNsYXNzZXNdTlNNdXRhYmxlRGF0YaMdHyBWTlNEYXRhWE5TT2JqZWN00hscIiNcTlNEaWN0aW9uYXJ5oiIgXxAPTlNLZXllZEFyY2hpdmVy0SYnVHJvb3SAAQAIABEAGgAjAC0AMgA3AEAARgBNAFUAYABnAGoAbABuAHEAcwB1AHcAhACOAMkAzgDWApACkgKXAqICqwK5Ar0CxALNAtIC3wLiAvQC9wL8AAAAAAAAAgEAAAAAAAAAKAAAAAAAAAAAAAAAAAAAAv4=},
	Bdsk-Url-1 = {http://www.aclweb.org/anthology/P12-2060}}

@inproceedings{Simion+2013:IBM2,
	Address = {Seattle, Washington, USA},
	Author = {Simion, Andrei and Collins, Michael and Stein, Cliff},
	Booktitle = {Proceedings of the 2013 Conference on Empirical Methods in Natural Language Processing},
	Date-Added = {2015-01-22 15:07:08 +0000},
	Date-Modified = {2015-03-12 13:03:28 +0000},
	Keywords = {MT, WA},
	Month = {October},
	Pages = {1574--1583},
	Publisher = {Association for Computational Linguistics},
	Title = {A Convex Alternative to {IBM} Model 2},
	Url = {http://www.aclweb.org/anthology/D13-1164},
	Year = {2013},
	Bdsk-File-1 = {YnBsaXN0MDDUAQIDBAUGJCVYJHZlcnNpb25YJG9iamVjdHNZJGFyY2hpdmVyVCR0b3ASAAGGoKgHCBMUFRYaIVUkbnVsbNMJCgsMDxJXTlMua2V5c1pOUy5vYmplY3RzViRjbGFzc6INDoACgAOiEBGABIAFgAdccmVsYXRpdmVQYXRoWWFsaWFzRGF0YV8QOS4uLy4uLy4uLy4uL0Ryb3Bib3gvd29ya3NwYWNlL2JpYi9wZGYvU2ltaW9uKzIwMTNJQk0yLnBkZtIXCxgZV05TLmRhdGFPEQG6AAAAAAG6AAIAAAxNYWNpbnRvc2ggSEQAAAAAAAAAAAAAAAAAAADQXF2HSCsAAAAL9HgTU2ltaW9uKzIwMTNJQk0yLnBkZgAAAAAAAAAAAAAAAAAAAAAAAAAAAAAAAAAAAAAAAAAAAAAAAAAAAAAAAAAAABNBH9Dm0L0AAAAAAAAAAAAEAAUAAAkgAAAAAAAAAAAAAAAAAAAAA3BkZgAAEAAIAADQXEFnAAAAEQAIAADQ5sKtAAAAAQAYAAv0eAAL8/8AC/PPAAvyeAAJP5MAApPVAAIATE1hY2ludG9zaCBIRDpVc2VyczoAd2F6aXo6AERyb3Bib3g6AHdvcmtzcGFjZToAYmliOgBwZGY6AFNpbWlvbisyMDEzSUJNMi5wZGYADgAoABMAUwBpAG0AaQBvAG4AKwAyADAAMQAzAEkAQgBNADIALgBwAGQAZgAPABoADABNAGEAYwBpAG4AdABvAHMAaAAgAEgARAASADlVc2Vycy93YXppei9Ecm9wYm94L3dvcmtzcGFjZS9iaWIvcGRmL1NpbWlvbisyMDEzSUJNMi5wZGYAABMAAS8AABUAAgAM//8AAIAG0hscHR5aJGNsYXNzbmFtZVgkY2xhc3Nlc11OU011dGFibGVEYXRhox0fIFZOU0RhdGFYTlNPYmplY3TSGxwiI1xOU0RpY3Rpb25hcnmiIiBfEA9OU0tleWVkQXJjaGl2ZXLRJidUcm9vdIABAAgAEQAaACMALQAyADcAQABGAE0AVQBgAGcAagBsAG4AcQBzAHUAdwCEAI4AygDPANcClQKXApwCpwKwAr4CwgLJAtIC1wLkAucC+QL8AwEAAAAAAAACAQAAAAAAAAAoAAAAAAAAAAAAAAAAAAADAw==},
	Bdsk-Url-1 = {http://www.aclweb.org/anthology/D13-1164}}

@inproceedings{Dyer+2013:IBM2,
	Address = {Atlanta, Georgia},
	Author = {Dyer, Chris and Chahuneau, Victor and Smith, Noah A.},
	Booktitle = {Proceedings of the 2013 Conference of the North American Chapter of the Association for Computational Linguistics: Human Language Technologies},
	Date-Added = {2015-03-12 10:18:04 +0000},
	Date-Modified = {2015-03-12 13:07:32 +0000},
	Keywords = {MT, WA},
	Month = {June},
	Pages = {644--648},
	Publisher = {Association for Computational Linguistics},
	Title = {A Simple, Fast, and Effective Reparameterization of IBM Model 2},
	Url = {http://www.aclweb.org/anthology/N13-1073},
	Year = {2013},
	Bdsk-File-1 = {YnBsaXN0MDDUAQIDBAUGJCVYJHZlcnNpb25YJG9iamVjdHNZJGFyY2hpdmVyVCR0b3ASAAGGoKgHCBMUFRYaIVUkbnVsbNMJCgsMDxJXTlMua2V5c1pOUy5vYmplY3RzViRjbGFzc6INDoACgAOiEBGABIAFgAdccmVsYXRpdmVQYXRoWWFsaWFzRGF0YV8QNy4uLy4uLy4uLy4uL0Ryb3Bib3gvd29ya3NwYWNlL2JpYi9wZGYvRHllcisyMDEzSUJNMi5wZGbSFwsYGVdOUy5kYXRhTxEBsgAAAAABsgACAAAMTWFjaW50b3NoIEhEAAAAAAAAAAAAAAAAAAAA0Fxdh0grAAAAC/R4EUR5ZXIrMjAxM0lCTTIucGRmAAAAAAAAAAAAAAAAAAAAAAAAAAAAAAAAAAAAAAAAAAAAAAAAAAAAAAAAAAAAAAApNBLRJyZ/AAAAAAAAAAAABAAFAAAJIAAAAAAAAAAAAAAAAAAAAANwZGYAABAACAAA0FxBZwAAABEACAAA0ScYbwAAAAEAGAAL9HgAC/P/AAvzzwAL8ngACT+TAAKT1QACAEpNYWNpbnRvc2ggSEQ6VXNlcnM6AHdheml6OgBEcm9wYm94OgB3b3Jrc3BhY2U6AGJpYjoAcGRmOgBEeWVyKzIwMTNJQk0yLnBkZgAOACQAEQBEAHkAZQByACsAMgAwADEAMwBJAEIATQAyAC4AcABkAGYADwAaAAwATQBhAGMAaQBuAHQAbwBzAGgAIABIAEQAEgA3VXNlcnMvd2F6aXovRHJvcGJveC93b3Jrc3BhY2UvYmliL3BkZi9EeWVyKzIwMTNJQk0yLnBkZgAAEwABLwAAFQACAAz//wAAgAbSGxwdHlokY2xhc3NuYW1lWCRjbGFzc2VzXU5TTXV0YWJsZURhdGGjHR8gVk5TRGF0YVhOU09iamVjdNIbHCIjXE5TRGljdGlvbmFyeaIiIF8QD05TS2V5ZWRBcmNoaXZlctEmJ1Ryb290gAEACAARABoAIwAtADIANwBAAEYATQBVAGAAZwBqAGwAbgBxAHMAdQB3AIQAjgDIAM0A1QKLAo0CkgKdAqYCtAK4Ar8CyALNAtoC3QLvAvIC9wAAAAAAAAIBAAAAAAAAACgAAAAAAAAAAAAAAAAAAAL5},
	Bdsk-Url-1 = {http://www.aclweb.org/anthology/N13-1073},
	Bdsk-Url-2 = {http://techtalks.tv/talks/a-simple-fast-and-effective-reparameterization-of-ibm-model-2/58454/}}

@inproceedings{Songyot+2014:WAWS,
	Address = {Doha, Qatar},
	Author = {Songyot, Theerawat and Chiang, David},
	Booktitle = {Proceedings of the 2014 Conference on Empirical Methods in Natural Language Processing (EMNLP)},
	Date-Added = {2015-03-11 14:41:49 +0000},
	Date-Modified = {2015-03-12 13:02:39 +0000},
	Keywords = {MT, WA},
	Month = {October},
	Pages = {1840--1845},
	Publisher = {Association for Computational Linguistics},
	Rating = {2},
	Read = {1},
	Title = {Improving Word Alignment using Word Similarity},
	Url = {http://www.aclweb.org/anthology/D14-1197},
	Year = {2014},
	Annote = {Combines IBM1 with a model of word similarity.
The idea is to sum over similar words while generating f from e.
There are a lot of "less principled" decisions in this paper.
The word similarity component is learnt with a NN. Integration is rather heuristic, the models are not learnt jointly.},
	Bdsk-File-1 = {YnBsaXN0MDDUAQIDBAUGJCVYJHZlcnNpb25YJG9iamVjdHNZJGFyY2hpdmVyVCR0b3ASAAGGoKgHCBMUFRYaIVUkbnVsbNMJCgsMDxJXTlMua2V5c1pOUy5vYmplY3RzViRjbGFzc6INDoACgAOiEBGABIAFgAdccmVsYXRpdmVQYXRoWWFsaWFzRGF0YV8QOi4uLy4uLy4uLy4uL0Ryb3Bib3gvd29ya3NwYWNlL2JpYi9wZGYvU29uZ3lvdCsyMDE0V0FXUy5wZGbSFwsYGVdOUy5kYXRhTxEBvgAAAAABvgACAAAMTWFjaW50b3NoIEhEAAAAAAAAAAAAAAAAAAAA0Fxdh0grAAAAC/R4FFNvbmd5b3QrMjAxNFdBV1MucGRmAAAAAAAAAAAAAAAAAAAAAAAAAAAAAAAAAAAAAAAAAAAAAAAAAAAAAAAAAAAo5+vRJhLPAAAAAAAAAAAABAAFAAAJIAAAAAAAAAAAAAAAAAAAAANwZGYAABAACAAA0FxBZwAAABEACAAA0SYEvwAAAAEAGAAL9HgAC/P/AAvzzwAL8ngACT+TAAKT1QACAE1NYWNpbnRvc2ggSEQ6VXNlcnM6AHdheml6OgBEcm9wYm94OgB3b3Jrc3BhY2U6AGJpYjoAcGRmOgBTb25neW90KzIwMTRXQVdTLnBkZgAADgAqABQAUwBvAG4AZwB5AG8AdAArADIAMAAxADQAVwBBAFcAUwAuAHAAZABmAA8AGgAMAE0AYQBjAGkAbgB0AG8AcwBoACAASABEABIAOlVzZXJzL3dheml6L0Ryb3Bib3gvd29ya3NwYWNlL2JpYi9wZGYvU29uZ3lvdCsyMDE0V0FXUy5wZGYAEwABLwAAFQACAAz//wAAgAbSGxwdHlokY2xhc3NuYW1lWCRjbGFzc2VzXU5TTXV0YWJsZURhdGGjHR8gVk5TRGF0YVhOU09iamVjdNIbHCIjXE5TRGljdGlvbmFyeaIiIF8QD05TS2V5ZWRBcmNoaXZlctEmJ1Ryb290gAEACAARABoAIwAtADIANwBAAEYATQBVAGAAZwBqAGwAbgBxAHMAdQB3AIQAjgDLANAA2AKaApwCoQKsArUCwwLHAs4C1wLcAukC7AL+AwEDBgAAAAAAAAIBAAAAAAAAACgAAAAAAAAAAAAAAAAAAAMI},
	Bdsk-Url-1 = {http://www.aclweb.org/anthology/D14-1197}}

@inproceedings{Simion+2014:IBM2exp,
	Address = {Gothenburg, Sweden},
	Author = {Simion, Andrei and Collins, Michael and Stein, Cliff},
	Booktitle = {Proceedings of the 14th Conference of the European Chapter of the Association for Computational Linguistics, volume 2: Short Papers},
	Date-Added = {2015-01-22 15:05:16 +0000},
	Date-Modified = {2015-03-12 13:03:23 +0000},
	Keywords = {MT, WA},
	Month = {April},
	Pages = {180--184},
	Publisher = {Association for Computational Linguistics},
	Title = {Some Experiments with a Convex IBM Model 2},
	Url = {http://www.aclweb.org/anthology/E14-4035},
	Year = {2014},
	Bdsk-File-1 = {YnBsaXN0MDDUAQIDBAUGJCVYJHZlcnNpb25YJG9iamVjdHNZJGFyY2hpdmVyVCR0b3ASAAGGoKgHCBMUFRYaIVUkbnVsbNMJCgsMDxJXTlMua2V5c1pOUy5vYmplY3RzViRjbGFzc6INDoACgAOiEBGABIAFgAdccmVsYXRpdmVQYXRoWWFsaWFzRGF0YV8QPC4uLy4uLy4uLy4uL0Ryb3Bib3gvd29ya3NwYWNlL2JpYi9wZGYvU2ltaW9uKzIwMTRJQk0yZXhwLnBkZtIXCxgZV05TLmRhdGFPEQHGAAAAAAHGAAIAAAxNYWNpbnRvc2ggSEQAAAAAAAAAAAAAAAAAAADQXF2HSCsAAAAL9HgWU2ltaW9uKzIwMTRJQk0yZXhwLnBkZgAAAAAAAAAAAAAAAAAAAAAAAAAAAAAAAAAAAAAAAAAAAAAAAAAAAAAAABNAr9Dm0GsAAAAAAAAAAAAEAAUAAAkgAAAAAAAAAAAAAAAAAAAAA3BkZgAAEAAIAADQXEFnAAAAEQAIAADQ5sJbAAAAAQAYAAv0eAAL8/8AC/PPAAvyeAAJP5MAApPVAAIAT01hY2ludG9zaCBIRDpVc2VyczoAd2F6aXo6AERyb3Bib3g6AHdvcmtzcGFjZToAYmliOgBwZGY6AFNpbWlvbisyMDE0SUJNMmV4cC5wZGYAAA4ALgAWAFMAaQBtAGkAbwBuACsAMgAwADEANABJAEIATQAyAGUAeABwAC4AcABkAGYADwAaAAwATQBhAGMAaQBuAHQAbwBzAGgAIABIAEQAEgA8VXNlcnMvd2F6aXovRHJvcGJveC93b3Jrc3BhY2UvYmliL3BkZi9TaW1pb24rMjAxNElCTTJleHAucGRmABMAAS8AABUAAgAM//8AAIAG0hscHR5aJGNsYXNzbmFtZVgkY2xhc3Nlc11OU011dGFibGVEYXRhox0fIFZOU0RhdGFYTlNPYmplY3TSGxwiI1xOU0RpY3Rpb25hcnmiIiBfEA9OU0tleWVkQXJjaGl2ZXLRJidUcm9vdIABAAgAEQAaACMALQAyADcAQABGAE0AVQBgAGcAagBsAG4AcQBzAHUAdwCEAI4AzQDSANoCpAKmAqsCtgK/As0C0QLYAuEC5gLzAvYDCAMLAxAAAAAAAAACAQAAAAAAAAAoAAAAAAAAAAAAAAAAAAADEg==},
	Bdsk-Url-1 = {http://www.aclweb.org/anthology/E14-4035}}

@unpublished{Collins:IBM,
	Author = {Michael Collins},
	Date-Added = {2015-03-12 16:11:05 +0000},
	Date-Modified = {2015-03-12 16:13:46 +0000},
	Keywords = {WA, lecture},
	Note = {Lecture notes},
	Rating = {4},
	Read = {1},
	Title = {Statistical Machine Translation: IBM Models 1 and 2},
	Bdsk-File-1 = {YnBsaXN0MDDUAQIDBAUGJCVYJHZlcnNpb25YJG9iamVjdHNZJGFyY2hpdmVyVCR0b3ASAAGGoKgHCBMUFRYaIVUkbnVsbNMJCgsMDxJXTlMua2V5c1pOUy5vYmplY3RzViRjbGFzc6INDoACgAOiEBGABIAFgAdccmVsYXRpdmVQYXRoWWFsaWFzRGF0YV8QNC4uLy4uLy4uLy4uL0Ryb3Bib3gvd29ya3NwYWNlL2JpYi9wZGYvQ29sbGluc0lCTS5wZGbSFwsYGVdOUy5kYXRhTxEBpgAAAAABpgACAAAMTWFjaW50b3NoIEhEAAAAAAAAAAAAAAAAAAAA0Fxdh0grAAAAC/R4DkNvbGxpbnNJQk0ucGRmAAAAAAAAAAAAAAAAAAAAAAAAAAAAAAAAAAAAAAAAAAAAAAAAAAAAAAAAAAAAAAAAAAApVG/RJ3keAAAAAAAAAAAABAAFAAAJIAAAAAAAAAAAAAAAAAAAAANwZGYAABAACAAA0FxBZwAAABEACAAA0SdrDgAAAAEAGAAL9HgAC/P/AAvzzwAL8ngACT+TAAKT1QACAEdNYWNpbnRvc2ggSEQ6VXNlcnM6AHdheml6OgBEcm9wYm94OgB3b3Jrc3BhY2U6AGJpYjoAcGRmOgBDb2xsaW5zSUJNLnBkZgAADgAeAA4AQwBvAGwAbABpAG4AcwBJAEIATQAuAHAAZABmAA8AGgAMAE0AYQBjAGkAbgB0AG8AcwBoACAASABEABIANFVzZXJzL3dheml6L0Ryb3Bib3gvd29ya3NwYWNlL2JpYi9wZGYvQ29sbGluc0lCTS5wZGYAEwABLwAAFQACAAz//wAAgAbSGxwdHlokY2xhc3NuYW1lWCRjbGFzc2VzXU5TTXV0YWJsZURhdGGjHR8gVk5TRGF0YVhOU09iamVjdNIbHCIjXE5TRGljdGlvbmFyeaIiIF8QD05TS2V5ZWRBcmNoaXZlctEmJ1Ryb290gAEACAARABoAIwAtADIANwBAAEYATQBVAGAAZwBqAGwAbgBxAHMAdQB3AIQAjgDFAMoA0gJ8An4CgwKOApcCpQKpArACuQK+AssCzgLgAuMC6AAAAAAAAAIBAAAAAAAAACgAAAAAAAAAAAAAAAAAAALq}}

@comment{BibDesk Static Groups{
<?xml version="1.0" encoding="UTF-8"?>
<!DOCTYPE plist PUBLIC "-//Apple//DTD PLIST 1.0//EN" "http://www.apple.com/DTDs/PropertyList-1.0.dtd">
<plist version="1.0">
<array>
	<dict>
		<key>group name</key>
		<string>Karin</string>
		<key>keys</key>
		<string></string>
	</dict>
	<dict>
		<key>group name</key>
		<string>Learning</string>
		<key>keys</key>
		<string></string>
	</dict>
	<dict>
		<key>group name</key>
		<string>Linguistic theories</string>
		<key>keys</key>
		<string></string>
	</dict>
	<dict>
		<key>group name</key>
		<string>Milos</string>
		<key>keys</key>
		<string></string>
	</dict>
	<dict>
		<key>group name</key>
		<string>MT reading group</string>
		<key>keys</key>
		<string></string>
	</dict>
	<dict>
		<key>group name</key>
		<string>MySampler</string>
		<key>keys</key>
		<string></string>
	</dict>
	<dict>
		<key>group name</key>
		<string>NN</string>
		<key>keys</key>
		<string></string>
	</dict>
	<dict>
		<key>group name</key>
		<string>Philip</string>
		<key>keys</key>
		<string>Moore:2004:IBM1,Liang+2006:ABA,lacostejulien-EtAl:2006:HLT-NAACL06-Main,Mermer+2011:BWA,Songyot+2014:WAWS</string>
	</dict>
	<dict>
		<key>group name</key>
		<string>Reordering</string>
		<key>keys</key>
		<string></string>
	</dict>
	<dict>
		<key>group name</key>
		<string>slides</string>
		<key>keys</key>
		<string></string>
	</dict>
	<dict>
		<key>group name</key>
		<string>TO READ</string>
		<key>keys</key>
		<string></string>
	</dict>
</array>
</plist>
}}

@comment{BibDesk Smart Groups{
<?xml version="1.0" encoding="UTF-8"?>
<!DOCTYPE plist PUBLIC "-//Apple//DTD PLIST 1.0//EN" "http://www.apple.com/DTDs/PropertyList-1.0.dtd">
<plist version="1.0">
<array>
	<dict>
		<key>conditions</key>
		<array>
			<dict>
				<key>comparison</key>
				<integer>4</integer>
				<key>key</key>
				<string>BibTeX Type</string>
				<key>value</key>
				<string>book</string>
				<key>version</key>
				<string>1</string>
			</dict>
		</array>
		<key>conjunction</key>
		<integer>0</integer>
		<key>group name</key>
		<string>books</string>
	</dict>
	<dict>
		<key>conditions</key>
		<array>
			<dict>
				<key>comparison</key>
				<integer>2</integer>
				<key>key</key>
				<string>Keywords</string>
				<key>value</key>
				<string>decoding</string>
				<key>version</key>
				<string>1</string>
			</dict>
			<dict>
				<key>comparison</key>
				<integer>2</integer>
				<key>key</key>
				<string>Title</string>
				<key>value</key>
				<string>decoding</string>
				<key>version</key>
				<string>1</string>
			</dict>
		</array>
		<key>conjunction</key>
		<integer>1</integer>
		<key>group name</key>
		<string>decoding</string>
	</dict>
	<dict>
		<key>conditions</key>
		<array>
			<dict>
				<key>comparison</key>
				<integer>2</integer>
				<key>key</key>
				<string>Author</string>
				<key>value</key>
				<string>Wilker Aziz</string>
				<key>version</key>
				<string>1</string>
			</dict>
			<dict>
				<key>comparison</key>
				<integer>2</integer>
				<key>key</key>
				<string>Author</string>
				<key>value</key>
				<string>Aziz, Wilker</string>
				<key>version</key>
				<string>1</string>
			</dict>
			<dict>
				<key>comparison</key>
				<integer>2</integer>
				<key>key</key>
				<string>Author</string>
				<key>value</key>
				<string>W. Aziz</string>
				<key>version</key>
				<string>1</string>
			</dict>
			<dict>
				<key>comparison</key>
				<integer>2</integer>
				<key>key</key>
				<string>Author</string>
				<key>value</key>
				<string>Aziz, W.</string>
				<key>version</key>
				<string>1</string>
			</dict>
			<dict>
				<key>comparison</key>
				<integer>2</integer>
				<key>key</key>
				<string>Author</string>
				<key>value</key>
				<string>Wilker Ferreira Aziz</string>
				<key>version</key>
				<string>1</string>
			</dict>
		</array>
		<key>conjunction</key>
		<integer>1</integer>
		<key>group name</key>
		<string>mine</string>
	</dict>
	<dict>
		<key>conditions</key>
		<array>
			<dict>
				<key>comparison</key>
				<integer>2</integer>
				<key>key</key>
				<string>Keywords</string>
				<key>value</key>
				<string>sampling</string>
				<key>version</key>
				<string>1</string>
			</dict>
			<dict>
				<key>comparison</key>
				<integer>2</integer>
				<key>key</key>
				<string>Title</string>
				<key>value</key>
				<string>sampling</string>
				<key>version</key>
				<string>1</string>
			</dict>
		</array>
		<key>conjunction</key>
		<integer>1</integer>
		<key>group name</key>
		<string>Smart Group</string>
	</dict>
	<dict>
		<key>conditions</key>
		<array>
			<dict>
				<key>comparison</key>
				<integer>4</integer>
				<key>key</key>
				<string>BibTeX Type</string>
				<key>value</key>
				<string>phdthesis</string>
				<key>version</key>
				<string>1</string>
			</dict>
		</array>
		<key>conjunction</key>
		<integer>0</integer>
		<key>group name</key>
		<string>theses</string>
	</dict>
</array>
</plist>
}}
