@inproceedings{Hopkins:2011:TR:2145432.2145575,
 author = {Hopkins, Mark and May, Jonathan},
 title = {Tuning As Ranking},
 booktitle = {Proceedings of the Conference on Empirical Methods in Natural Language Processing},
 series = {EMNLP '11},
 year = {2011},
 isbn = {978-1-937284-11-4},
 location = {Edinburgh, United Kingdom},
 pages = {1352--1362},
 numpages = {11},
 url = {http://dl.acm.org/citation.cfm?id=2145432.2145575},
 acmid = {2145575},
 publisher = {Association for Computational Linguistics},
 address = {Stroudsburg, PA, USA},
} 

@inproceedings{Eidelman:2012:OSO:2393015.2393082,
 author = {Eidelman, Vladimir},
 title = {Optimization Strategies for Online Large-margin Learning in Machine Translation},
 booktitle = {Proceedings of the Seventh Workshop on Statistical Machine Translation},
 series = {WMT '12},
 year = {2012},
 location = {Montreal, Canada},
 pages = {480--489},
 numpages = {10},
 url = {http://dl.acm.org/citation.cfm?id=2393015.2393082},
 acmid = {2393082},
 publisher = {Association for Computational Linguistics},
 address = {Stroudsburg, PA, USA},
} 


@inproceedings{Stanojevic+2015:RG,
	Address = {Lisbon, Portugal},
	Author = {Stanojevi\'{c}, Milo\v{s} and Sima'an, Khalil},
	Booktitle = {Proceedings of the 2015 Conference on Empirical Methods in Natural Language Processing},
	Month = {September},
	Pages = {44--54},
	Publisher = {Association for Computational Linguistics},
	Title = {Reordering Grammar Induction},
	Year = {2015},
}

@article{HintonEtAl:2006,
 author = {Hinton, Geoffrey E. and Osindero, Simon and Teh, Yee-Whye},
 title = {A Fast Learning Algorithm for Deep Belief Nets},
 journal = {Neural Compututation},
 volume = {18},
 number = {7},
 year = {2006},
 pages = {1527--1554},
 url = {http://dx.doi.org/10.1162/neco.2006.18.7.1527},
} 

@InProceedings{DahlEtAl:2012,
  author =    {George E. Dahl and Ryan P. Adams and Hugo Larochelle},
  title =     {Training Restricted {B}oltzmann Machines on Word Observations},
  booktitle = {Proceedings of the 29th International Conference on Machine Learning (ICML-12)},
  series =    {ICML '12},
  year =      {2012},
  pages=      {679--686},
}